@BOOK{dummy:1,
    AUTHOR="John Doe",
    TITLE="The Book without Title",
    PUBLISHER="Dummy Publisher",
    YEAR="2100",
}

@book{rubow2000a,
  title = {Hverdagens Teologi},
  language = {dan},
  publisher = {Forlaget Anis},
  author = {Rubow, Cecilie},
  year = {2000},
  isbn = {8774572598}
}